<?xml version="1.0" encoding="UTF-8"?><collection xmlns="http://www.loc.gov/MARC21/slim"><record><leader>00391nam--2200121-i-4500</leader><controlfield tag="001">000035880</controlfield><controlfield tag="002">20161230</controlfield><controlfield tag="005">20161230201040</controlfield><controlfield tag="008">060222s1000------------r-----000-0-eng-d</controlfield><datafield ind1=" " ind2=" " tag="080"><subfield code="a">51(081)</subfield></datafield><datafield ind1=" " ind2=" " tag="245"><subfield code="a">Opera matematica a lui alexandru pantazi. volum ingrijit de g.vranceanu, tiberiu mihailescu si a.dobrescu</subfield></datafield><datafield ind1=" " ind2=" " tag="260"><subfield code="a">Bucuresti, Ed.Acad.Republicii Populare Romane, 1956, 494p</subfield></datafield><datafield ind1=" " ind2=" " tag="852"><subfield code="a">44488</subfield></datafield></record></collection>